
@thesis{coursework_babakhin,
	author = {Бабахин, Е.},
	title = {Анализ циклических изменений в экономике Республики Беларусь на основе моделей VAR с Марковскими переключениями состояний},
	institution = {БГУ},
	date = {2015},
	type = {Курсовая работа},
}

@report{esiMaking,
	author = {},
	aauthor = {Малюгин, В.И.},
	title = {Разработка системы опережающих экономических индикаторов и экономических диффузных индексов для основных видов экономической деятельности и экономики Республики Беларусь в целом с использованием экономико-математических, эконометрических методов и моделей на основе данных системы мониторинга предприятий Национального банка Республики Беларусь: },
	type = { отчет о НИР (заключ.)},
	institution = {НИИ ППМИ; рук. В.И. Малюгин},
	date = {2017},
	number = {ГР 20162817},
	location = {Минск},
	pagetotal = {142},
}

@inproceedings{esiExtra,
	author = {Малюгин, В.И. and others},
	UNKeditor = {editor},
	title = {Модельные и инструментальные средства для построения и применения индекса экономических настроений белорусской экономики},
	booktitle = {Проблемы прогнозирования и государственного регулирования социально-экономического развития: материалы XVII Международной конференции},
	date = {2017},
	volume = {1},
	pages = {178-188},
	organization = {НИЭИ Минэкономики Республики Беларусь},
	OPTeventtitle = {Проблемы прогнозирования и государственного регулирования социально-экономического развития},
}



@article{mitchellBS,
	    author = "Barna, T. and Burns, A. and Mitchell, W.",
	    title = "Measuring Business Cycles",
	    journal = "Economica",
	    volume = "15",
	    number = "60",
	    year = "1948"
}
@article{nberDevelopment,
	    author = "Moore, G. and Zarnowitz, V. ",
	    title = "The Development and Role of the National Bureau of Economic Research's Business Cycle Chronologies",
	    journal = "The American Business Cycle: Continuity and Change; National Bureau of Economic Research",
	    pages = "735-780",
	    year = "1986"
}
@online{oecdCycleExtraction,
	    author = "Nilsson, R. and Gyomai, G.",
	    title = "Cycle Extraction. A comparison of the Phase-Average Trend method, the Hodrick–Prescott and Christiano–Fitzgerald filters",
	    publisher = "OECD Statistics Working Paper [Electronic resource]",
		year="2011",
		url = "http://dx.doi.org/10.1787/5kg9srt7f8g0-en",
		urldate = "2016-05-27"
}
@online{estrellaFilterDo,
	    author = "Estrella, A.",
	    title = "Extracting Business Cycle Fluctuations: What Do Time Series Filters Really Do",
	    publisher = "Federal Reserve Bank of New York, Staff Report No.289",
	    year = "2007",
		url = "https://www.newyorkfed.org/medialibrary/media/research/staff_reports/sr289.pdf",
		urldate = "2016-05-16"
}
@article{hardingTwoMethods,
	    author = "Harding, D. and Pagan, A.",
	    title = "A comparison of two business cycle dating methods",
	    journal = "J. of Economic Dynamic and Control",
	    volume = "27",
	    number = "9",
	    pages = "1681-1690",
	    year = "2003"
}
@article{bryCyclicalAnalysis,
	    author = "Bry, G. and Boschan, C.",
	    title = "Cyclical analysis of time series",
	    journal = "National Bureau of Economic Research, Columbia University Press",
}
@article{bodmanCanada,
	    author = "Bodman, P. and Crosby, M.",
	    title = "Phases of the Canadian business cycle",
	    journal = "Canadian J. of Economics",
	    volume = "33",
	    number = "3",
	    pages = "618-633",
	    year = "2000"
}
@article{brunoItaly,
	    author = "Bruno, G. and Otranto, E.",
	    title = "Models to date the business cycle: The Italian case",
	    journal = "Economic Modelling",
	    volume = "25",
	    number = "5",
	    pages = "899-911",
	    year = "2008"
}
@article{hamNewApproach,
	    author = "Hamilton, J.D.",
	    title = "A New Approach to the Economic Analysis of Nonstationary Time Series and the Business Cycle",
	    journal = "Econometrica",
	    volume = "57",
	    number = "2",
	    pages = "357-384",
	    year = "1989"
}

@unpublished{hamHP,
	author = {Hamilton, J.D.},
	title = {Why You Should Never Use the Hodrick-Prescott Filter},
	date = {Jan. 9, 2017},
	howpublished = {Online at Department of Economics, UC San Diego},
	month = {1},
	year = {2017},
	pubstate = {Working paper},
}

@article{malNovopMSVARX,
	    author = "Malugin, V. and Novopoltsev, A.",
	    title = "Statistical Estimation and Classification Algorithms for Regime-Switching VAR Model with Exogenous Variables",
	    journal = "Austrian Journal of Statistics",
	    volume = "46",
	    pages = "47-56",
	    year = "2017"
}
@article{malVARforCycles,
	    author = "Малюгин, В.И.",
	    title = "Об использовании векторных авторегрессионных моделей с переключающимися состояниями для анализа и прогнозирования циклов экономической активности",
	    journal = "Экономика. Моделирование. Прогнозирование",
	    volume = "9",
	    pages = "183-196",
	    year = "2015"
}
@article{malNovopHiddenMarkov,
	    author = "Малюгин, В.И. and Новопольцев, А.Ю.",
	    title = "Анализ многомерных статистических моделей с неоднородной структурой в случае скрытой марковской зависимости состояний",
	    journal = "Известия НАН Беларуси",
	    volume = "1",
	    number = "2",
	    pages = "26-36",
	    year = "2015"
}
@article{hynd_autoarima,
  title        = "Automatic Time Series Forecasting: The forecast Package for R",
  author       = "Hyndman, R.J. and Khandakar, Y.", 
  journal 	   = "Journal of Statistical Software",
	    volume = "27",
	    number = "3",
	    year = "2008"
}
@online{hyndCV,
  title        = "A Note on the Validity of Cross-Validation for Evaluating Autoregressive Time Series Prediction",
  author       = "Bergmeir, C. and Hyndman, R.J. and Koo, B.", 
      year = "2017",
	  url = "https://robjhyndman.com/papers/cv-wp.pdf"
}
@online{pyramid_arima,
  title        = "Python package pyramid-arima on Github/PyPi",
  author       = "Smith, T.G.",
  year = "2017",
  url="https://github.com/tgsmith61591/pyramid"
}
@online{statsmodels,
  title        = "Python package Statsmodels on statsmodels.org",
  author       = "Perktold, J. and Seabold, S. and statsmodels-developers", 
      year = "2017",
  url="http://www.statsmodels.org/stable/index.html"
}
@online{fulton_statespace,
title="State space modeling in Python",
author = "Fulton, C.",
year="2016",
url="http://www.chadfulton.com/topics/state_space_python.html"
}
@manual{seasonalManual,
  title        = {X-13ARIMA-SEATS Reference Manual},
  author       = {Center for Statistical Research and Methodology}, 
  organization = {U.S. Census Bureau},
  year         = 2016,
  note         = {284 p}
}

@online{oecdCLI,
	author = {OECD},
	title = {OECD System of Composite Leading Indicators},
	year = {2012},
	url = {http://www.oecd.org/std/leading-indicators/41629509.pdf},
	urldate = {2016-05-26}
}

@book{mal_methods_nonconstant,
author="Малюгин, В.И.",
title="Методы анализа многомерных эконометрических моделей с неоднородной структурой. Научное издание.",
city="Минск",
year=2014,
note = "351 с.",
}

@inproceedings{makarevich_bsu_conf_2017,
	author="Макаревич, А.С.",
	title="Сравнительный анализ оценок поворотных точек экономического цикла на основе алгоритмов Ходрика – Прескотта и Хамильтона",
	crossref={conf_bsu_2017},
	year=2017,
	note="часть 1, с. 53-57",
}

@proceedings{conf_bsu_2017,
	title="74-й научная конференция студентов и аспирантов Белорусского государственного университета",
	year=2017,
	organization="Белорусский Государственный Университет",
	note="74-й научная конференция студентов и аспирантов Белорусского государственного университета",
}

@inproceedings{makarevich_hse_paper,
author="Макаревич, А.С. and Малюгин, В.И.",
title="Построение индекса экономических настроений для Республики Беларусь",
crossref={conf_hse_statmethods_econ},
year=2018,
}

@proceedings{conf_hse_statmethods_econ,
title="Статистические  методы  анализа  экономики  и общества: 9-я  междунар.науч.-практ.  конф. студентов  и  аспирантов",
year=2018,
organization="Национальный  исследовательский университет «Высшая школа экономики»", 
note="Статистические  методы  анализа  экономики  и общества: 9-я  междунар.науч.-практ.  конф. студентов  и  аспирантов (в печати)",
}
